%% This BibTeX bibliography file was created using BibDesk.
%% https://bibdesk.sourceforge.io/

%% Created for Elliot Parrish at 2022-08-04 16:57:29 -0400 


%% Saved with string encoding Unicode (UTF-8) 



@article{atlas-experiment,
      author = {{{The ATLAS Collaboration}}},
      doi = {{10.1088/1748-0221/3/08/s08003}},
      journal = {{Journal of Instrumentation}},
      month = {{aug}},
      number = {{08}},
      pages = {{S08003--S08003}},
      publisher = {{{IOP} Publishing}},
      title = {{The {ATLAS} Experiment at the {CERN} Large Hadron Collider}},
      url = {{https://doi.org/10.1088%2F1748-0221%2F3%2F08%2Fs08003}},
      volume = {{3}},
      year = {2008},
      bdsk-url-1 = {%7Bhttps://doi.org/10.1088%2F1748-0221%2F3%2F08%2Fs08003%7D},
      bdsk-url-2 = {https://doi.org/10.1088/1748-0221/3/08/s08003%7D}}

@article{pdg,
      author = {Workman, R. L. and Others},
      collaboration = {Particle Data Group},
      doi = {10.1093/ptep/ptac097},
      journal = {PTEP},
      pages = {083C01},
      title = {{Review of Particle Physics}},
      volume = {2022},
      year = {2022},
      bdsk-url-1 = {https://doi.org/10.1093/ptep/ptac097}}

@article{Higgs-phys,
      archiveprefix = {arXiv},
      author = {Ellis, John},
      doi = {10.5170/CERN-2015-004.117},
      eprint = {1312.5672},
      month = {Dec},
      note = {52 pages, 45 figures, Lectures presented at the ESHEP 2013 School of High-Energy Physics, to appear as part of the proceedings in a CERN Yellow Report},
      pages = {117-168. 52 p},
      reportnumber = {KCL-PH-TH-2013-49, LCTS-2013-36, CERN-PH-TH-2013-315, KCL-PH-TH-2013-49, LCTS-2013-36, CERN-PH-TH-2013-315},
      title = {{Higgs Physics}},
      url = {https://cds.cern.ch/record/1638469},
      year = {2013},
      bdsk-url-1 = {https://cds.cern.ch/record/1638469},
      bdsk-url-2 = {https://doi.org/10.5170/CERN-2015-004.117}}

@article{Higgs-paper,
      author = {Higgs, Peter W.},
      doi = {10.1103/PhysRevLett.13.508},
      issue = {16},
      journal = {Phys. Rev. Lett.},
      month = {Oct},
      numpages = {0},
      pages = {508--509},
      publisher = {American Physical Society},
      title = {Broken Symmetries and the Masses of Gauge Bosons},
      url = {https://link.aps.org/doi/10.1103/PhysRevLett.13.508},
      volume = {13},
      year = {1964},
      bdsk-url-1 = {https://link.aps.org/doi/10.1103/PhysRevLett.13.508},
      bdsk-url-2 = {https://doi.org/10.1103/PhysRevLett.13.508}}

@article{Englert-Brout,
      author = {Englert, F. and Brout, R.},
      doi = {10.1103/PhysRevLett.13.321},
      issue = {9},
      journal = {Phys. Rev. Lett.},
      month = {Aug},
      numpages = {0},
      pages = {321--323},
      publisher = {American Physical Society},
      title = {Broken Symmetry and the Mass of Gauge Vector Mesons},
      url = {https://link.aps.org/doi/10.1103/PhysRevLett.13.321},
      volume = {13},
      year = {1964},
      bdsk-url-1 = {https://link.aps.org/doi/10.1103/PhysRevLett.13.321},
      bdsk-url-2 = {https://doi.org/10.1103/PhysRevLett.13.321}}

@article{higgs-discovery-atlas,
      author = {G. Aad et al.},
      journal = {Physics Letters B},
      number = {1},
      pages = {1-29},
      title = {Observation of a new particle in the search for the Standard Model Higgs boson with the ATLAS detector at the LHC},
      volume = {716},
      year = {2012}}

@article{2HDM,
      author = {Branco, G.C. and Ferreira, P.M. and Lavoura, L. and Rebelo, M.N. and Sher, Marc and Silva, Jo{\~a}o P.},
      doi = {10.1016/j.physrep.2012.02.002},
      issn = {0370-1573},
      journal = {Physics Reports},
      month = {Jul},
      number = {1--2},
      pages = {1--102},
      publisher = {Elsevier BV},
      title = {Theory and phenomenology of two-Higgs-doublet models},
      url = {http://dx.doi.org/10.1016/j.physrep.2012.02.002},
      volume = {516},
      year = {2012},
      bdsk-url-1 = {http://dx.doi.org/10.1016/j.physrep.2012.02.002}}

@article{Heinemeyer:2013tqa,
      archiveprefix = {arXiv},
      author = {Andersen, J R and others},
      collaboration = {LHC Higgs Cross Section Working Group},
      doi = {10.5170/CERN-2013-004},
      editor = {Heinemeyer, S and Mariotti, C and Passarino, G and Tanaka, R},
      eprint = {1307.1347},
      howpublished = {CERN-2013-004},
      primaryclass = {hep-ph},
      slaccitation = {%%CITATION = ARXIV:1307.1347;%%},
      title = {{Handbook of LHC Higgs Cross Sections: 3. Higgs Properties}},
      year = {2013},
      bdsk-url-1 = {https://doi.org/10.5170/CERN-2013-004}}

@article{hpm-previous,
      archiveprefix = {arXiv},
      author = {Aaboud, Morad and others},
      collaboration = {ATLAS},
      doi = {10.1007/JHEP09(2018)139},
      eprint = {1807.07915},
      journal = {JHEP},
      pages = {139},
      primaryclass = {hep-ex},
      reportnumber = {CERN-EP-2018-148},
      title = {{Search for charged Higgs bosons decaying via $H^{\pm} \to \tau^{\pm}\nu_{\tau}$ in the $\tau$+jets and $\tau$+lepton final states with 36 fb$^{-1}$ of $pp$ collision data recorded at $\sqrt{s} = 13$ TeV with the ATLAS experiment}},
      volume = {09},
      year = {2018},
      bdsk-url-1 = {https://doi.org/10.1007/JHEP09(2018)139}}

@article{CERN-complex,
      author = {Lopienska, Ewa},
      month = {Feb},
      note = {General Photo},
      title = {{The CERN accelerator complex, layout in 2022. Complexe des acc{\'e}l{\'e}rateurs du CERN en janvier 2022}},
      url = {https://cds.cern.ch/record/2800984},
      year = {2022},
      bdsk-url-1 = {https://cds.cern.ch/record/2800984}}

@misc{lhc-facts,
      author = {CERN},
      journal = {CERN},
      publisher = {CERN},
      title = {Facts and figures about the LHC},
      url = {https://home.cern/resources/faqs/facts-and-figures-about-lhc},
      bdsk-url-1 = {https://home.cern/resources/faqs/facts-and-figures-about-lhc}}

@article{lhc-machine,
      author = {Evans, Lyndon R and Bryant, Philip},
      doi = {10.1088/1748-0221/3/08/S08001},
      journal = {JINST},
      note = {This report is an abridged version of the LHC Design Report (CERN-2004-003)},
      pages = {S08001. 164 p},
      title = {{LHC Machine}},
      url = {https://cds.cern.ch/record/1129806},
      volume = {3},
      year = {2008},
      bdsk-url-1 = {https://cds.cern.ch/record/1129806},
      bdsk-url-2 = {https://doi.org/10.1088/1748-0221/3/08/S08001}}

@misc{dipole-field,
      author = {Vidal, Xabier Cid and Manzano, Ramon Cid},
      journal = {Taking a closer look at LHC - Lorentz force},
      title = {Lorentz Force Taking a closer look at LHC},
      url = {https://www.lhc-closer.es/taking_a_closer_look_at_lhc/0.lorentz_force},
      bdsk-url-1 = {https://www.lhc-closer.es/taking_a_closer_look_at_lhc/0.lorentz_force}}

@book{atlas-solenoid,
      address = {Geneva},
      collaboration = {ATLAS Collaboration},
      doi = {10.17181/CERN.ZZVJ.2JYE},
      note = {Electronic version not available},
      publisher = {CERN},
      series = {Technical design report. ATLAS},
      title = {{ATLAS central solenoid: Technical Design Report}},
      url = {https://cds.cern.ch/record/331067},
      year = {1997},
      bdsk-url-1 = {https://cds.cern.ch/record/331067},
      bdsk-url-2 = {https://doi.org/10.17181/CERN.ZZVJ.2JYE}}

@misc{atlas-magnet-system,
      author = {J. Goodson},
      url = {http://www.jetgoodson.com/images/thesisImages/magnetSystems.png},
      year = {2022},
      bdsk-url-1 = {http://www.jetgoodson.com/images/thesisImages/magnetSystems.png}}

@book{pseudorapidity,
      journal = {File:Pseudorapidity2.png},
      month = {Feb},
      publisher = {Wikipedia},
      title = {Pseudorapidity},
      url = {https://en.wikipedia.org/wiki/File:Pseudorapidity2.png},
      year = {2009},
      bdsk-url-1 = {https://en.wikipedia.org/wiki/File:Pseudorapidity2.png}}

@book{atlas-toroid,
      address = {Geneva},
      author = {Badiou, J P and Beltramelli, J and Baze, J M and Belorgey, J},
      collaboration = {ATLAS Collaboration},
      doi = {10.17181/CERN.RF2A.CP5T},
      note = {Electronic version not available},
      publisher = {CERN},
      series = {Technical design report. ATLAS},
      title = {{ATLAS barrel toroid: Technical Design Report}},
      url = {https://cds.cern.ch/record/331065},
      year = {1997},
      bdsk-url-1 = {https://cds.cern.ch/record/331065},
      bdsk-url-2 = {https://doi.org/10.17181/CERN.RF2A.CP5T}}

@book{ATLAS-tile,
      address = {Geneva},
      collaboration = {ATLAS Collaboration},
      doi = {10.17181/CERN.JRBJ.7O28},
      publisher = {CERN},
      series = {Technical design report. ATLAS},
      title = {{ATLAS tile calorimeter: Technical Design Report}},
      url = {https://cds.cern.ch/record/331062},
      year = {1996},
      bdsk-url-1 = {https://cds.cern.ch/record/331062},
      bdsk-url-2 = {https://doi.org/10.17181/CERN.JRBJ.7O28}}

@book{ATLAS-pixel,
      address = {Geneva},
      author = {Wermes, Norbert and Hallewel, G},
      collaboration = {ATLAS Collaboration},
      publisher = {CERN},
      series = {Technical design report. ATLAS},
      title = {{ATLAS pixel detector: Technical Design Report}},
      url = {https://cds.cern.ch/record/381263},
      year = {1998},
      bdsk-url-1 = {https://cds.cern.ch/record/381263}}

@techreport{ATLAS-IBL,
      author = {Capeans, M and Darbo, G and Einsweiller, K and Elsing, M and Flick, T and Garcia-Sciveres, M and Gemme, C and Pernegger, H and Rohne, O and Vuillermet, R},
      collaboration = {ATLAS Collaboration},
      month = {Sep},
      reportnumber = {CERN-LHCC-2010-013, ATLAS-TDR-19},
      title = {{ATLAS Insertable B-Layer Technical Design Report}},
      url = {https://cds.cern.ch/record/1291633},
      year = {2010},
      bdsk-url-1 = {https://cds.cern.ch/record/1291633}}

@book{ATLAS-ID,
      address = {Geneva},
      collaboration = {ATLAS Collaboration},
      publisher = {CERN},
      series = {Technical design report. ATLAS},
      title = {{ATLAS inner detector: Technical Design Report, 1}},
      url = {https://cds.cern.ch/record/331063},
      year = {1997},
      bdsk-url-1 = {https://cds.cern.ch/record/331063}}
